% Abbreviation for BibTeX files:

% Journal names

@STRING{ACTA = "Acta Informatica"}
@STRING{AIAAJ = "AIAA Journal"}
@STRING{AJP = "American Journal of Physics"}
@STRING{ARFM = "Annual Review of Fluid Mechanics"}
@STRING{CACM = "Communications of the ACM"}
@STRING{CMP = "Comm. Math. Phys."}
@STRING{COMP-SURVEY = "ACM Computing Surveys"}
@STRING{COMPLANG = "Computer Languages"}
@STRING{COMPUTER = "IEEE Computer"}
@STRING{CPAM = "Comm. Pure and Appl. Math."},
@STRING{IEEEASSP = "IEEE Transactions on Acoustics, Speech, 
	and Signal Processing"}
@STRING{IEEETC = "IEEE Transactions on Computers"}
@STRING{IEEETSE = "IEEE Transactions on Software Engineering"}
@STRING{IEEES = "IEEE Software"}
@STRING{IJSC = "International Journal on Supercomputing"}
@STRING{JACM = "Journal of the ACM"}
@STRING{JAS = "J. Aero. Sci."}
@STRING{JCP = "J. Comput. Phys."}
@STRING{JCSS = "Journal of Computer and System Sciences"}
@STRING{JFM = "J. Fluid Mech."}
@STRING{JOTA = "Journal of Optimization Theory and Applications"}
@STRING{JPDC = "Journal of Parallel and Distributed Computing"}
@STRING{LBL = "Lawrence Berkeley Laboratory"}
@STRING{MMMAS = "Mathematical Models and Methods in Applied Sciences"}
@STRING{NM = "Numerische Mathematique"}
@STRING{PES = "Polymer Engineering and Science"}
@STRING{PECS = "Progress in Energy and Combustion Science"}
@STRING{SIAMJC = "SIAM Journal on Computing"}
@STRING{SIAMJNA = "SIAM J. Numer. Anal."}
@STRING{SIAMJSSC = "SIAM Journal on Scientific and Statistical Computing"}
@STRING{SIAMJSC = "SIAM Journal on Scientific Computing"}
@STRING{SIAMJAM = "SIAM Journal on Applied Mathematics "}
@STRING{SIGPLANNOTICES = "ACM SIGPLAN Notices"}
@STRING{SPE = "Software Practice \& Experience"}
@STRING{SPET = "SPE Transactions"}
@STRING{TOMS = "ACM Transactions on Mathematical Software"}
@STRING{TOPLAS = "ACM Transactions on Programming Languages and Systems"}
@STRING{TUGBOAT = "{\sc TUGboat}: The Communications of the {\TeX}
	Users Group"}



% Department names

@STRING{CMUCS = "Dept. of Computer Science, Carnegie Mellon Univ."}
@STRING(HARVCS = "Center for Research in Computing Technology, Harvard Univ.")
@STRING{INCS = "Computer Science Dept., Indiana Univ."}
@STRING{MITAI = "MIT AI Laboratory"}
@STRING{LLNL = "Lawrence Livermore National Laboratory"}
@STRING{LANL = "Los Alamos National Laboratory"}
@STRING{MITLCS = "MIT Laboratory for Computer Science"}
@STRING{RICECS = "Dept. of Computer Science, Rice Univ."}
@STRING{SUCS = "Dept. of Computer Science, Stanford Univ."}
@STRING{SUCSL = "Computer System Laboratory, Stanford Univ."}
@STRING{UCBCS = "Computer Science Division (EECS), Univ. California, Berkeley"}
@STRING{UCBEECS = "EECS Department, University of California, Berkeley"}
@STRING{UICS = "Dept. of Computer Science, Univ. of Illinois at Urbana-Champaign"}
@STRING{CSRD = "Center for Supercomputing Research \& Development, Univ. of Illinois at Urbana-Champaign"}
@STRING{UUCS = "Dept. of Computer Science, Univ. of Utah"}
@STRING{UUDSC = "Uppsala University Dep. of Sci. Comp."}
@STRING{UCLAMATH = "Dept. of Mathematics, Univ. of California, Los Angeles"}
@STRING{UCDENVERMATH = "Dept. of Mathematics, Univ. of Colorado, Denver"}
@STRING{YALECS = "Yale Univ., Dept. of Computer Science"}
@STRING{RICE = "Dept. of Computer Science, Rice Univ."}
@STRING{NYU = "Dept. of Computer Science, Courant Institute, NYU"}
@STRING{UROCH = "Computer Science Department, University of Rochester"}
@STRING{AILUT = "Artifical Intelligence Laboratory, The University of Texas at Austin"}
@STRING{UCBMATH = "Dept. of Mathematics, Univ. of California, Berkeley"}
@STRING{UCBME = "Dept. of Mechanical Engineering, Univ. of California, Berkeley"},
@STRING{AIAA = "American Institute of Aeronautics and Astronautics"},
% Research Laboratories

@STRING{BTL = "Bell Telephone Laboratories"}
@STRING{ATTBTL = "AT\&T Bell Telephone Laboratories"}
@STRING{DECSRC = "Digital Equipment Corp., System Research Center"}
@STRING{DECWRL = "Digital Equipment Corp., Western Research Laboratory"}
@STRING{BBN = "Bolt Beranek and Newman"}
@STRING{IBMW = "IBM Thomas J. Watson Research Center"}
@STRING{IMEC = "IMEC Laboratory, Kapeldreef 75, B-3030 Leuven, Belgium"}
@STRING{PARC = "Xerox Palo Alto Research Center"}

% Publishers

@STRING{SPRINGER = "Springer-Verlag"}


% Conference proceedings names 

@STRING{ARCH10 = "The 10th Annual International Symposium
	on Computer Architecture"}
@STRING{LDFRS = "Proceedings of an ACM Conference on Language Design for
Reliable Software, SIGPLAN Notices, Vol 12, No. 3"},
@STRING{ICS87 = "Proceedings of the Second International Conference
on Supercomputing"}
@STRING{ICS88 = "Proceedings of the 1988 International Conference
on Supercomputing"}
@STRING{ICPP84 = "Proceedings of the 1984 International Conference on Parallel
Processing"}
@STRING{ICPP85 = "Proceedings of the 1985 International Conference on Parallel
Processing"}
@STRING{ICPP86 = "Proceedings of the 1986 International Conference on Parallel
Processing"}
@STRING{ICPP87 = "Proceedings of the 1987 International Conference on Parallel
Processing"}

@STRING{PLDI88 = "Proceedings of the SIGPLAN '88 Conference
	on Programming Language Design and Implementation"}
@STRING{PLDI89 = "Proceedings of the SIGPLAN '89 Conference
	on Programming Language Design and Implementation"}
@STRING{PLDI90 = "Proceedings of the SIGPLAN '90 Conference
	on Programming Language Design and Implementation"}

@STRING{PPEALS = "Proceedings of the Symposium on Parallel
Programming: Experience with Applications, Languages and Systems"}

@STRING{SAIPL = "Proceedings of the Symposium on Artifical Intelligence
and Programming Languages, SIGPLAN Notices"}

@STRING{LISPC80 = "Conference Record of the 1980 LISP Conference"}
@STRING{LISPC82 = "Conference Record of the 1982 ACM Symposium on LISP and
Functional Programming"}
@STRING{LISPC84 = "Conference Record of the 1984 ACM Symposium on LISP and
Functional Programming"}
@STRING{LISPC86 = "Proceedings of the 1986 ACM Conference on LISP and
Functional Programming"}
@STRING{LISPC88 = "Proceedings of the 1988 ACM Conference on LISP and
Functional Programming"}
@STRING{LISPC89 = "Proceedings of the 1989 ACM Conference on LISP and
Functional Programming"}
@STRING{LISPC90 = "Proceedings of the 1990 ACM Conference on LISP and
Functional Programming"}
@STRING{LISPC91 = "Proceedings of the 1991 ACM Conference on LISP and
Functional Programming"}
@STRING{LISPC92 = "Proceedings of the 1992 ACM Conference on LISP and
Functional Programming"}
@STRING{LISPC93 = "Proceedings of the 1993 ACM Conference on LISP and
Functional Programming"}

@STRING(POPL1 = "Conference Record of the ACM Symposium on Principles
of Programming Languages")
@STRING(POPL2 = "Conference Record of the Second ACM Symposium on Principles
of Programming Languages")
@STRING(POPL3 = "Conference Record of the Third ACM Symposium on Principles
of Programming Languages")
@STRING(POPL4 = "Conference Record of the Fourth ACM Symposium on Principles
of Programming Languages")
@STRING(POPL5 = "Conference Record of the Fifth ACM Symposium on Principles
of Programming Languages")
@STRING(POPL6 = "Conference Record of the Sixth ACM Symposium on Principles
of Programming Languages")
@STRING(POPL7 = "Conference Record of the Seventh ACM Symposium on Principles
of Programming Languages")
@STRING(POPL8 = "Conference Record of the Eighth ACM Symposium on Principles
of Programming Languages")
@STRING(POPL9 = "Conference Record of the Ninth ACM Symposium on Principles
of Programming Languages")
@STRING(POPL10 = "Conference Record of the Tenth ACM Symposium on Principles
of Programming Languages")
@STRING(POPL11 = "Conference Record of the Eleventh ACM Symposium on
Principles of Programming Languages")
@STRING(POPL12 = "Conference Record of the Twelfth ACM Symposium on Principles
of Programming Languages")
@STRING(POPL13 = "Conference Record of the Thirteenth ACM Symposium on
Principles of Programming Languages")
@STRING(POPL14 = "Conference Record of the Fourteenth ACM Symposium on
Principles of Programming Languages")
@STRING(POPL15 = "Conference Record of the Fourteenth ACM Symposium on
Principles of Programming Languages")
@STRING{POPL16 = "Conference Record of the Sixteenth Annual ACM Symposium
	on Principles of Programming Languages"}

@STRING(CCC79 = "Proceedings of the ACM SIGPLAN 1979 Symposium on Compiler 
Construction")
@STRING(CCC82 = "Proceedings of the ACM SIGPLAN 1982 Symposium on Compiler 
Construction")
@STRING(CCC84 = "Proceedings of the ACM SIGPLAN 1984 Symposium on Compiler 
Construction")
@STRING(CCC86 = "Proceedings of the ACM SIGPLAN '86 Symposium on Compiler 
Construction")
@STRING(INTER87 = "Proceedings of the SIGPLAN '87 Symposium on Interpreters and
Interpretive Techniques")

@STRING{COMPCON20 = "Proceedings 20th {IEEE} Computer Society International
Conference ({COMPCON})"}

@STRING{OOPSLA = "{OOPSLA '86}: Object-Oriented Programming Systems, Languages
and Applications Conference Proceedings"}

@STRING{ARCH80 = "Proceedings of the 7th Annual International Symposium on
Computer Architecture"}
@STRING{ARCH82 = "Proceedings of the 9th Annual International Symposium on
Computer Architecture"}
@STRING{ARCH84 = "Proceedings of the 11th Annual International Symposium on
Computer Architecture"}
@STRING{ARCH85 = "Proceedings of the 12th Annual International Symposium on
Computer Architecture"}
@STRING{ARCH86 = "Proceedings of the 13th Annual International Symposium on
Computer Architecture"}

@STRING{ASPLOS2 = "Proceedings of the Second International Conference on
Architecturral Support for Programming Languages and Operating Systems
(ASPLOS II)"}

@STRING{VLSISP = "IEEE Workshop on VLSI Signal Processing"}

@STRING{jcp = "J. Comput. Phys."}
@STRING{phyfl = "Physics of Fluids"}
@STRING{jfm = "J. Fluid Mech."}
@STRING{sissc = "SIAM J. Sci. Stat. Comput."}
@STRING{exfl = "Experiments in Fluids"} 

@ARTICLE{Broks2005,
author = {B. H. P. Broks and K. Garloff and J. J. A. M. van der Mullen},
title = {Nonlocal-thermal-equilibrium model of a pulse capillary discharge waveguide},
journal= "Phys. Rev. E",
volume = {71},
year = {2005},
pages = {016401}
}

@BOOK{Batchelor1967,
	author={G. K. Batchelor},
	title={An Introduction to Fluid Dynamics},
  publisher={Cambridge University Press},
  address={Cambridge, UK},
  year={1967},
}

@ARTICLE{Hietel2000,
author = {D. Hietel and K. Steiner and J. Struckmeier},
title = {A finite volume particle method for compressible flows},
journal= MMMAS,
volume = {10},
year = {2000},
pages = {1363--1382}
}

@ARTICLE{Nestor2009,
author = {R. M. Nestor and M. Basa and M. Lastiwka and N. J. Quinlan},
title = {Extension of the finite volume particle method to viscous flow},
journal= JCP,
volume = {228},
year = {2009},
pages = {1733--1749}
}

@ARTICLE{Sod1977,
author = {G. A. Sod},
title = {A numerical study of a converging cylindrical shock},
journal= "J. Fluid Mech.",
volume = {83},
year = {1977},
pages = {785}
}

@THESIS{Teleaga2005,
author = {D. Teleaga},
title = {A finite volume particle method for conservation laws (thesis)},
institution = {University of Kaiserslautern},
year = {2005}
}

@BOOK{MitchnerKruger,
	author={M. Mitchner and C. H. Kruger},
	title={Partially Ionized Gases},
  publisher={Wiley and Sons, Inc.},
  year={1973},
}

@BOOK{Landau1959,
	author={L. D. Landau and E. M. Lifshitz},
	title={Fluid Mechanics},
  publisher={Butterworth-Heinemann},
  address={Oxford, UK},
  year={1959},
}

@misc{Python,
Title = {Python Programming Language - Official Website},
howpublished = {\url{http://www.python.org}} 
} 

@misc{Visit,
Title = {Visit Visualization Tool},
howpublished = {\url{https://wci.llnl.gov/codes/visit}} 
} 
